@misc{Oetiker2010,
  author       = {Tobias Oetiker},
  title        = {The Not So Short A Introduction to {LaTeX2e}},
  year         = {2010},
  howpublished = {\url{http://tobi.oetiker.ch/lshort/lshort.pdf}}
}