@article{rajkomar2019machine,
  title={Machine learning in medicine},
  author={Rajkomar, Alvin and Dean, Jeffrey and Kohane, Isaac},
  journal={New England Journal of Medicine},
  volume={380},
  number={14},
  pages={1347--1358},
  year={2019},
  publisher={Mass Medical Soc}
}

@inproceedings{chatzimparmpas2020state,
  title={The state of the art in enhancing trust in machine learning models with the use of visualizations},
  author={Chatzimparmpas, Angelos and Martins, Rafael Messias and Jusufi, Ilir and Kucher, Kostiantyn and Rossi, Fabrice and Kerren, Andreas},
  booktitle={Computer Graphics Forum},
  volume={39},
  number={3},
  pages={713--756},
  year={2020},
  organization={Wiley Online Library}
}

@misc{Elhakim2021mammography,
  author       = {Mohammad Talal Elhakim},
  howpublished = {\url{https://open.rsyd.dk/OpenProjects/openProject.jsp?openNo=1412&lang=en}}, 
  title        = {Deep learning for breast cancer screening in Denmark: a retrospective multicenter study of diagnostic accuracy, feasibility and clinical attributes.},
  year         = {2021}
}

@article{lalehzarian2021machine,
  title={Machine learning in orthopaedic surgery},
  author={Lalehzarian, Simon P and Gowd, Anirudh K and Liu, Joseph N},
  journal={World Journal of Orthopedics},
  volume={12},
  number={9},
  pages={685},
  year={2021},
  publisher={Baishideng Publishing Group Inc}
}

@inproceedings{yang2020visual,
  title={How do visual explanations foster end users' appropriate trust in machine learning?},
  author={Yang, Fumeng and Huang, Zhuanyi and Scholtz, Jean and Arendt, Dustin L},
  booktitle={Proceedings of the 25th International Conference on Intelligent User Interfaces},
  pages={189--201},
  year={2020}
}

@article{vellido2020importance,
  title={The importance of interpretability and visualization in machine learning for applications in medicine and health care},
  author={Vellido, Alfredo},
  journal={Neural computing and applications},
  volume={32},
  number={24},
  pages={18069--18083},
  year={2020},
  publisher={Springer}
}

@article{vayena2018machine,
  title={Machine learning in medicine: addressing ethical challenges},
  author={Vayena, Effy and Blasimme, Alessandro and Cohen, I Glenn},
  journal={PLoS medicine},
  volume={15},
  number={11},
  pages={e1002689},
  year={2018},
  publisher={Public Library of Science San Francisco, CA USA}
}