@book{ml_supervised_learning,
  author         = {{Matthieu Cord} {Padraig Cunningham}},
  editor         = {},
  publisher      = {},
  title          = {Machine Learning Techniques for Multimedia},
  year           = {}
}