@article{Skills_Digital_Learning,
title = {Digital learning: Developing skills for digital transformation of organizations},
journal = {Future Generation Computer Systems},
volume = {91},
pages = {327-334},
year = {2019},
issn = {0167-739X},
doi = {https://doi.org/10.1016/j.future.2018.08.048},
url = {https://www.sciencedirect.com/science/article/pii/S0167739X18311191},
author = {Maria José Sousa and Álvaro Rocha},
keywords = {Corporate digital learning, Digital transformation, Skills, Organizations, Disruptive business, Challenges, Opportunities},
abstract = {The primary goal of this paper is to contribute to the discussion of an effective digital transformation of organizations based on the latest trends of skills. It also intends to analyze the perceptions of individuals regarding the challenges faced by organizations and opportunities for new disruptive business. A literature review about the digital learning contexts and the identification of skills needed for organizations digital transformation was made. Moreover, it was also launched an online survey to identify the importance of skills for an effective digital transformation. As primary results, the main skills identified were artificial intelligence, nanotechnology, robotization, internet of things, augmented reality, digitalization; and the main digital learning contexts were mobile technologies, tablets, and smartphone applications — which are becoming more and more popular among the employees. This study will help organizations to rethink their strategies according to skills development to respond to the challenges of digital transformation.}
}

@misc{What_Is_Digital_Learning,
  author       = {GOSA},
  howpublished = {\url{https://gosa.georgia.gov/about-us/what-digital-learning}}, 
  title        = {What is Digital Learning?},
  year         = {2023}
}